@article{AROverview,
  author  = {FABIO, Arena and COLLOTTA, Mario and PAU, Giovanni and TERMINE, Francesco},
  title   = {An Overview of Augmented Reality},
  urldate = {2024-12-17},
  journal = {Computers},
  url     = {https://doi.org/https://doi.org/10.3390/computers11020028}
}
@online{IkeaPlace,
  author  = {{IKEA}},
  title   = {Launch of new IKEA Place app – IKEA Global},
  year    = {2017},
  url     = {https://www.ikea.com/global/en/newsroom/innovation/ikea-launches-ikea-place-a-new-app-that-allows-people-to-virtually-place-furniture-in-their-home-170912/},
  urldate = {2024-12-27},
  note    = {Online. IKEA.}
}
@online{IQLANDIAGeo,
  author = {IQLANDIA},
  title  = {Geo - expozice | iQLANDIA.CZ},
  year   = {c2024},
  url    = {https://iqlandia.cz/iqlandia/expozice/geo},
  note   = {[cit. 2024-12-28]}
}
@online{googlelens,
  author = {Google},
  title  = {Google Lens – vyhledávejte, co vidíte},
  url    = {https://lens.google/intl/cs/},
  note   = {[cit. 2024-12-28]}
}



